<?xml version="1.0" encoding="UTF-8"?><collection xmlns="http://www.loc.gov/MARC21/slim"><record><leader>00403nam--2200133-i-4500</leader><controlfield tag="001">000024771</controlfield><controlfield tag="002">20161230</controlfield><controlfield tag="005">20161230201035</controlfield><controlfield tag="008">060222s1000------------r-----000-0-eng-d</controlfield><datafield ind1=" " ind2=" " tag="080"><subfield code="a">66</subfield></datafield><datafield ind1=" " ind2=" " tag="100"><subfield code="a">Isopescu, Raluca, Woinarosch, Alexandru Y. Si Mihai, Mihaela</subfield></datafield><datafield ind1=" " ind2=" " tag="245"><subfield code="a">Optimizarea proceselor din industria chimica.exemple si aplicatii</subfield></datafield><datafield ind1=" " ind2=" " tag="260"><subfield code="a">Bucuresti,Editura Tehnica, 1990. 328p</subfield></datafield><datafield ind1=" " ind2=" " tag="852"><subfield code="a">79009</subfield></datafield></record></collection>